<record><leader>00000cas a22000007a 4500</leader><controlfield tag="001">26610598</controlfield><controlfield tag="008">920916d18uu1uuuncuwr ne      0    0eng d</controlfield><datafield ind1=" " ind2=" " tag="010"><subfield code="a">sn 92074084 </subfield></datafield><datafield ind1=" " ind2=" " tag="040"><subfield code="a">NVJ</subfield><subfield code="b">eng</subfield><subfield code="c">NVJ</subfield><subfield code="d">OCLCQ</subfield><subfield code="d">DLC</subfield></datafield><datafield ind1=" " ind2=" " tag="042"><subfield code="a">msc</subfield></datafield><datafield ind1="0" ind2="4" tag="245"><subfield code="a">The Clinton Caucasian.</subfield></datafield><datafield ind1=" " ind2=" " tag="260"><subfield code="a">Clinton, N.C. :</subfield><subfield code="b">Caucasian Pub. Co.</subfield></datafield><datafield ind1=" " ind2=" " tag="300"><subfield code="a">v.</subfield></datafield><datafield ind1=" " ind2=" " tag="310"><subfield code="a">Weekly</subfield></datafield><datafield ind1=" " ind2=" " tag="580"><subfield code="a">The Caucasian (Clinton, N.C.) moved to Raleigh, N.C. in Dec. 1894. Some time later the Clinton ed. of the Caucasian was revived, and the two papers published concurrently in &lt;1898&gt;.</subfield></datafield><datafield ind1=" " ind2=" " tag="588"><subfield code="a">Description based on: Vol. 16, no. [7] (Jan. 13, 1898).</subfield></datafield><datafield ind1=" " ind2=" " tag="752"><subfield code="a">United States</subfield><subfield code="b">North Carolina</subfield><subfield code="c">Sampson</subfield><subfield code="d">Clinton.</subfield></datafield><datafield ind1="1" ind2=" " tag="775"><subfield code="t">Caucasian (Clinton, N.C.)</subfield><subfield code="x">2375-8864</subfield><subfield code="w">(DLC)sn 91068245</subfield><subfield code="w">(OCoLC)24090058</subfield></datafield></record>